@book{book:129711,
   title =     {Discrete-Time Control Systems},
   author =    {Ogata},
   publisher = {},
   isbn =      {},
   year =      {},
   series =    {},
   edition =   {},
   volume =    {},
   url =       {http://gen.lib.rus.ec/book/index.php?md5=18291B9E47990BD700872FE29FB417B9}
}

@book{textbook:niseSolution,
	title =     {Control Systems Engineering - Instructor Solutions Manual},
	author =    {Norman S. Nise},
	publisher = {Wiley},
	isbn =      {0470547561, 9780470547564},
	year =      {2010},
	series =    {},
	edition =   {6th},
	volume =    {},
	url =       {http://gen.lib.rus.ec/book/index.php?md5=27a8107743faac0058228c0056a291fd}
}

@book{textbook:nise,
	title =     {Control Systems Engineering},
	author =    {Norman S. Nise},
	publisher = {Wiley},
	isbn =      {1118170512,9781118170519},
	year =      {2015},
	series =    {},
	edition =   {7},
	volume =    {},
	url =       {http://gen.lib.rus.ec/book/index.php?md5=d89ffd2789223fd1b3d1811615d1b3ba}
}

@book{book:DCSphil,
   title =     {"Digital Control System Analysis and Design: Global Edition"},
   author =    {Chakrabortty, Aranya; Nagle, H. Troy; Phillips, Charles L},
   publisher = {Pearson Education Limited},
   isbn =      {1-292-06122-7,978-1-292-06122-1,978-1-292-06188-7},
   year =      {2015},
   series =    {Always Learning},
   edition =   {4th edition},
   volume =    {},
   url =       {http://gen.lib.rus.ec/book/index.php?md5=9f61bcd95c74c37b4e0223ed7ef60ba9}
}

@book
{
    book:209199,
    resid = {209199},
    status =    {OK},
    title =      {Digital Control Systems: Design, Identification and Implementation},
    author =      {Bernd JÃ¤hne},
    size =    {9642727},
    type =   {pdf},
    isbn = {},
    edition = {},
    volume =    {},
    md5 = {9063a20e413732ce97740817de493966},
    url =       {}
}

@book{textbook:ogataSolution,
	title =     {Solution Manual for Modern Control Engineering},
	author =    {Katsuhiko Ogata},
	publisher = {Prentice Hall},
	isbn =      {},
	year =      {2010},
	series =    {},
	edition =   {5},
	volume =    {},
	url =       {http://gen.lib.rus.ec/book/index.php?md5=9b555958bb6c026c7c3387f13688f75e}
}

@book{textbook:ogata,
	title =     {Modern Control Engineering},
	author =    {Katsuhiko Ogata},
	publisher = {Prentice Hall},
	isbn =      {0-13-615673-8,978-0-13-615673-4},
	year =      {2010},
	series =    {},
	edition =   {5},
	volume =    {},
	url =       {http://gen.lib.rus.ec/book/index.php?md5=db54fc25ee52e896aa3a6c01592d1a79}
}



@book{textbook:dorf,
	title =     {Modern Control Systems 12th edition},
	author =    {Richard C. Dorf, Robert H. Bishop},
	publisher = {Prentice Hall},
	isbn =      {013602498X,7801360249},
	year =      {2011},
	series =    {},
	edition =   {12},
	volume =    {},
	url =       {http://gen.lib.rus.ec/book/index.php?md5=E61353006A43C7B8823A8F3012E9267D}
}

@book{textbook:dorfSolution,
	title =     {Instructor's Solutions Manual for Modern Control Systems, 12th Edition},
	author =    {Richard C. Dorf, Robert H. Bishop},
	publisher = {Prentice Hall},
	isbn =      {013602498X,7801360249},
	year =      {2011},
	series =    {},
	edition =   {12},
	volume =    {},
	url =       {http://gen.lib.rus.ec/book/index.php?md5=814F498D384A3FC0B40F96FE5E213216}
}

@book{textbook:kuo,
	title =     {Automatic Control Systems 9th edition},
	author =    {Farid Golnaraghi, Benjamin C. Kuo},
	publisher = {Wiley},
	isbn =      {0470048964,9780470048962},
	year =      {2009},
	series =    {},
	edition =   {9th},
	volume =    {},
	url =       {http://gen.lib.rus.ec/book/index.php?md5=3A772763652D32CD43EAAB2D211BBCBA}
}

@book{textbook:kuoSolutions,
	title =     {Automatic Control Systems, 9th Edition - Solutions Manual},
	author =    {Farid Golnaraghi, Benjamin C. Kuo},
	publisher = {Wiley},
	isbn =      {0470048964,9780470048962},
	year =      {2009},
	series =    {},
	edition =   {9th},
	volume =    {},
	url =       {http://gen.lib.rus.ec/book/index.php?md5=5E86FF471500C5E31E8A4655D62F0A89}
}

@online{essElec360:Online,
	author = "Engineering Student Society",
	title = {Past Exams ELEC 360 [Online] Available},
	url = {http://ess.uvic.ca/exams/ELEC/},
	note = {Accessed September 7, 2017},
}

@online{megaElec360:Online,
	author = "MEGA",
	title = {Engineering Student Shared Drive [Online] Available},
	url = {https://mega.nz/#F!eJN1XLoI!cLb7ZYON1q53OeUFHShrJg!XcllnAhA},
	note = {Accessed September 7, 2017},
}

@misc{wiki:Cauchy,
	author = "Wikipedia",
	title = "Cauchy's integral theorem --- Wikipedia{,} The Free Encyclopedia",
	year = "2017",
	url = "https://en.wikipedia.org/w/index.php?title=Cauchy%27s_integral_theorem&oldid=778695526",
	note = "{Online; accessed 8-September-2017}",
}

@misc{MatlabCST,
	author = {MATLAB},
	title = {MATLAB Control Systems Toolbox},
	year = {2016 b},
	note = {The MathWorks, Natick, MA, USA},
}

@misc{MatlabSMT,
	author = {MATLAB},
	title = {MATLAB Symbolic Math Toolbox},
	year = {2016 b},
	note = {The MathWorks, Natick, MA, USA},
}