@book{ogataDiscrete,
	author    = "Ogata",
	title     = "Discrete Time Control Systems",
	publisher = "Pearson",
	year      = "1994",
	edition   = "Second Edition"
}